
@inproceedings{krovetz2011,
author={Krovetz, Ted and Rogaway, Phillip},
editor={Joux, Antoine},
title={The Software Performance of Authenticated-Encryption Modes},
bookTitle={Fast Software Encryption --- FSE 2011},
year={2011},
publisher={Springer Berlin Heidelberg},
address={Berlin, Heidelberg},
pages={306--327},
isbn={978-3-642-21702-9},
doi={10.1007/978-3-642-21702-9_18},
url={http://dx.doi.org/10.1007/978-3-642-21702-9_18}
}


@article{langley2014,
author="Adam Langley",
title="{TLS} Symmetric Crypto",
note={\url{https://www.imperialviolet.org/2014/02/27/tlssymmetriccrypto.html} [Accessed 2016-05-13]},
year=2014
}

@article{langley2013,
author="Adam Langley",
title="Real World Crypto 2013",
note={\url{https://www.imperialviolet.org/2013/01/13/rwc03.html} [Accessed 2016-05-13]},
year=2013
}

@article{joux2007,
author="Antoine Joux",
title="Authentication Failures in {NIST} version of {GCM}",
note={\url{http://csrc.nist.gov/groups/ST/toolkit/BCM/documents/comments/800-38_Series-Drafts/GCM/Joux_comments.pdf}},
year=2007
}

@article{ferguson2005,
author="Niels Ferguson",
title="Authentication weaknesses in {GCM}",
note={\url{http://csrc.nist.gov/groups/ST/toolkit/BCM/documents/comments/CWC-GCM/Ferguson2.pdf}},
year=2005
}

@Article{BEAST,
  Title                    = {Here come the {XOR} ninjas},
  Author                   = {Duong, Thai and Rizzo, Juliano},
  Journal                  = {Unpublished manuscript},
note ={\url{http://netifera.com/research/beast/beast_DRAFT_0621.pdf}},
  Year                     = {2011}
}

@InProceedings{Lucky13,
	Title                    = {Lucky thirteen: Breaking the {TLS} and {DTLS} record protocols},
	Author                   = {Al Fardan, Nadhem J and Paterson, Kenneth G},
	Booktitle                = {IEEE Symposium on Security and Privacy},
	Year                     = {2013},
	Organization             = {IEEE},
	Pages                    = {526--540},
	note = {Author version available at \url{http://www.isg.rhul.ac.uk/tls/TLStiming.pdf}}
}

@InProceedings{granger2016,
    author      = {Granger, Robert and Jovanovic, Philipp and Mennink, Bart and Neves, Samuel},
    editor      = {Fischlin, Marc and Coron, Jean-S{\'e}bastien},
    title       = {{Improved Masking for Tweakable Blockciphers with Applications to Authenticated Encryption}},
    booktitle   = {Advances in Cryptology -- EUROCRYPT 2016},
    series      = {LNCS},
    volume      = {9665},
    year        = {2016},
    publisher   = {Springer Berlin Heidelberg},
    pages       = {263--293},
    isbn        = {978-3-662-49890-3},
    doi         = {10.1007/978-3-662-49890-3_11},
    url         = {http://dx.doi.org/10.1007/978-3-662-49890-3_11}
}

@Misc{POODLE,
	Title                    = {This {POODLE} bites: exploiting the {SSL} 3.0 fallback},
	
	Author                   = {M{\"o}ller, Bodo and Duong, Thai and Kotowicz, Krzysztof},
	Year                     = {2014},
	Publisher                = {Google},
	note = {\url{https://www.openssl.org/~bodo/ssl-poodle.pdf} [Accessed 2016-05-13]}
}

@article{PoodleAgain,
	Title = {The {POODLE} bites again},
	Author = {Adam Langley},
	Year = 2014,
	Month = dec,
	note = {\url{https://www.imperialviolet.org/2014/12/08/poodleagain.html} [Accessed 2016-05-13]}
}

@misc{draft-ocb-zauner,
	author={A. Zauner},
	title={{AES-OCB (Offset Codebook Mode) Ciphersuites for Transport Layer Security (TLS)}},
	publisher={IETF},
	howpublished={Internet-Draft},
	organization={Internet Engineering Task Force},
	year=2016,
	month=apr,
	note={\url{https://tools.ietf.org/html/draft-zauner-tls-aes-ocb-04}}
}

@misc{draft-chacha-langely,
	author={A. Langely and W. Chang and N. Mavrogiannopoulos and J. Strombergson and S. Josefsson},
	title={{ChaCha20-Poly1305} Cipher Suites for Transport Layer Security ({TLS})},
	publisher={IETF},
	howpublished={Internet-Draft},
	organization={Internet Engineering Task Force},
	year=2015,
	month=dec,
	note={\url{https://tools.ietf.org/html/draft-ietf-tls-chacha20-poly1305-04}}
}

@misc{draft-tls13-rescorla,
	author={E. Rescorla},
	title={{The Transport Layer Security (TLS) Protocol Version 1.3}},
	note={\url{https://tools.ietf.org/html/draft-ietf-tls-tls13-12}},
	publisher={IETF},
	howpublished={Internet-Draft},
	organization={Internet Engineering Task Force},
	year=2016,
	month=mar,
}

@misc{rfc5246,
	author="T. Dierks and E. Rescorla",
	title="{The Transport Layer Security (TLS) Protocol Version 1.2}",
	series="Request for Comments",
	number="5246",
	howpublished="RFC 5246 (Proposed Standard)",
	publisher="IETF",
	organization="Internet Engineering Task Force",
	year=2008,
	month=aug,
	note="\url{https://tools.ietf.org/html/rfc4346}",
}

@misc{rfc5288,
  author="J. Salowey and A. Choudhury and D. McGrew",
  title="{{AES} Galois Counter Mode ({GCM}) Cipher Suites for {TLS}}",
  series="Request for Comments",
  number="5288",
  howpublished="RFC 5288 (Proposed Standard)",
  publisher="IETF",
  organization="Internet Engineering Task Force",
  year=2008,
  month=aug,
	note="\url{https://tools.ietf.org/html/rfc5288}",

}

@misc{rfc5297,
	author={D. Harkins},
	title={{Synthetic Initialization Vector (SIV) Authenticated Encryption Using the Advanced Encryption Standard (AES)}},
	series={Request for Comments},
	number={5297},
	howpublished={RFC 5297 (Informational)},
	publisher={IETF},
	organization={Internet Engineering Task Force},
	year=2008,
	month=oct,
	note="\url{https://tools.ietf.org/html/rfc5297}",
}

@misc{rfc7465,
	author={A. Popov},
	title={{Prohibiting RC4 Cipher Suites}},
	series={Request for Comments},
	number={7465},
	howpublished={RFC 7465 (Informational)},
	publisher={IETF},
	organization={Internet Engineering Task Force},
	year=2015,
	month=feb,
	note="\url{https://tools.ietf.org/html/rfc7465}",
}

@misc{rfc7539,
	author="Y. Nir and A. Langley",
	title="{{ChaCha20 and Poly1305 for IETF Protocols}}",
	series="Request for Comments",
	number="7539",
	howpublished="RFC 7539 (Informational)",
	publisher="IETF",
	organization="Internet Engineering Task Force",
	year=2015,
	month=may,
	note="\url{https://tools.ietf.org/html/rfc7539}",
}

@InProceedings{RC4biases,
	Title                    = {On the Security of {RC4} in {TLS}},
	Author                   = {AlFardan, Nadhem J and Bernstein, Daniel J and Paterson, Kenneth G and Poettering, Bertram and Schuldt, Jacob CN},
	Booktitle                = {22nd USENIX Security Symposium},
	Year                     = {2013},
	Pages                    = {305--320},
	note = {Author version available at \url{http://www.isg.rhul.ac.uk/tls/RC4biases.pdf}}
}

@misc{gcm-kenny,
	author= {Paterson, Kenneth G},
	title = {Countering Cryptographic Subversion},
	note = {\url{https://hyperelliptic.org/PSC/slides/paterson-PSC.pdf} [Accessed 2016-05-13]},
	year = 2015,
	Booktitle = {Post-Snowden Cryptography Workshop}
}

@misc{gcm-nist,
	Title = {{Recommendation for Block Cipher Modes of Operation: Galois/Counter Mode (GCM) and GMAC}},
	Author = {Morris Dworkin},
	note = {\url{http://csrc.nist.gov/publications/nistpubs/800-38D/SP-800-38D.pdf}},
	year = 2007,
	month = nov
}

@misc{gcm,
	Title = {{The Galois/Counter Mode of Operation (GCM)}},
	Author = {D. McGrew and J. Viega},
	note = {\url{http://csrc.nist.gov/groups/ST/toolkit/BCM/documents/proposedmodes/gcm/gcm-spec.pdf}},
	year = 2005,
	month = may
}

@INPROCEEDINGS{6822219,
	author={S. Gueron and V. Krasnov},
	booktitle={Information Technology: New Generations (ITNG), 2014 11th International Conference on},
	title={The Fragility of AES-GCM Authentication Algorithm},
	year={2014},
	pages={333-337},
	keywords={cryptography;message authentication;AES-GCM authentication algorithm;GHASH function;Galois counter mode;MAC tag generation;Open SSL trunk;authenticated encryption scheme;message authentication code;message forgery;message-tag pairs;polynomial evaluation MAC;Authentication;Encryption;Forgery;Polynomials;Program processors;Vectors;AES-GCM;GHASH;OpenSSL;message forgery;polynomial evaluation MAC},
	doi={10.1109/ITNG.2014.31},
	month={April},
	note={Preprint available at \url{https://eprint.iacr.org/2013/157.pdf}}
}

@article{ibm2016,
author="IBM",
title={{Security Bulletin: Vulnerability in IBM Domino Web Server TLS AES GCM Nonce Generation}},
note={\url{https://www-01.ibm.com/support/docview.wss?uid=swg21979604}  [Accessed 2016-05-13]},
year=2016
}

@article{radware2016,
author="Radware",
title="SA18456: Security Advisory Explicit Initialization Vector for AES-GCM Cipher",
note="\url{https://kb.radware.com/Questions/SecurityAdvisory/Public/Security-Advisory-Explicit-Initialization-Vector-f} [Accessed 2016-05-13]",
year=2016
}

@Misc{rfc7516,
	Title                    = {{JSON Web Encryption (JWE) -- draft-ietf-jose-json-web-encryption-06}},
	Author                   = {M. Jones and J. Hildebrand},
	Month                    = {May},
	Note                     = {\url{https://tools.ietf.org/html/rfc7516}},
	Year                     = {2015}
}

@Article{Eastlake2012,
	Title                    = {{XML Encryption Syntax and Processing 1.1}},
	Author                   = {Donald Eastlake and Joseph Reagle and Frederick Hirsch and Thomas Roessler and Takeshi Imamura and Blair Dillaway and Ed Simon and Kelvin Yiu and Magnus Nystr{\"o}m},
	Journal                  = {W3C Candidate Recommendation},
	Year                     = {2012},
	Note                     = {\url{http://www.w3.org/TR/2012/WD-xmlenc-core1-20121018}}
}

@InProceedings{jager13one,
	Title                    = {One Bad Apple: Backwards Compatibility Attacks on State-of-the-Art
	Cryptography},
	Author                   = {Jager, Tibor and Paterson, Kenneth G and Somorovsky, Juraj},
	Month                    = feb,
	Organization             = {NDSS 2013},
	note                     = {\url{https://www.nds.rub.de/research/publications/backwards-compatibility/}}
}

@Article{Griffin2014,
	Title                    = {PKCS \#11 Cryptographic Token Interface, Version 2.40, OASIS specification},
	Author                   = {Robert Griffin and Valerie Fenwick},
	Year                     = {2014}
}

@article{gcm-siv,
	title = {{GCM-SIV}: Full Nonce Misuse-Resistant Authenticated Encryption at Under One Cycle per Byte},
	author = {Shay Gueron and Yehuda Lindell},
	year=2016,
	note={\url{https://eprint.iacr.org/2015/102.pdf}}
}

@misc{HS1SIV14,
  author        = {Ted Krovetz},
  title         = {{HS1-SIV} v1},
  howpublished  = {{CAESAR} Round 1 submission},
  year          = {2014},
}

@misc{cloudflare-160404,
  author        = {Vlad Krasnov},
  title         = {\href{https://blog.cloudflare.com/it-takes-two-to-chacha-poly/}{It takes two to ChaCha (Poly)}},
  howpublished  = {Cloudflare Blog},
  year          = {2016},
}

@misc{somorovsky2016,
  author	= {Juraj Somorovsky},
  title		= {Curious Padding oracle in OpenSSL (CVE-2016-2107)},
  note		= {\url{http://web-in-security.blogspot.de/2016/05/curious-padding-oracle-in-openssl-cve.html}},
  year		= {2016}
}

@article{a102016,
author="Krassi Tzvetanov",
title={{A10 CVE-2016-0270 GCM nonce vulnerability}},
note={\url{https://files.a10networks.com/vadc/cve-2016-0270-gcm-nonce-vulnerability/}  [Accessed 2016-07-11]},
year=2016
}

@misc{botanfix,
author="Botan",
title="Release Notes, Version 1.11.30",
note={\url{https://botan.randombit.net/news.html} [Accessed 2016-07-19]},
year=2016
}
